<record><leader>00000cas a22000007a 4500</leader><controlfield tag="001">45834258</controlfield><controlfield tag="008">010201d199319uuazuwr ne      0   a0eng d</controlfield><datafield ind1=" " ind2=" " tag="010"><subfield code="a">sn2001060004</subfield></datafield><datafield ind1=" " ind2=" " tag="040"><subfield code="a">ANN</subfield><subfield code="b">eng</subfield><subfield code="c">ANN</subfield><subfield code="d">OCLCQ</subfield><subfield code="d">OCLCO</subfield></datafield><datafield ind1="1" ind2=" " tag="029"><subfield code="a">AU@</subfield><subfield code="b">000022243593</subfield></datafield><datafield ind1=" " ind2=" " tag="042"><subfield code="a">msc</subfield></datafield><datafield ind1=" " ind2=" " tag="043"><subfield code="a">n-us-az</subfield></datafield><datafield ind1="0" ind2="0" tag="245"><subfield code="a">Lake Havasu &amp; Colorado River press.</subfield></datafield><datafield ind1="0" ind2="0" tag="246"><subfield code="a">Lake Havasu and Colorado River press</subfield></datafield><datafield ind1="0" ind2="0" tag="246"><subfield code="a">Colorado River press</subfield></datafield><datafield ind1=" " ind2=" " tag="260"><subfield code="a">Lake Havasu City, Ariz. :</subfield><subfield code="b">Havasu Press</subfield></datafield><datafield ind1=" " ind2=" " tag="300"><subfield code="a">v. :</subfield><subfield code="b">ill.</subfield></datafield><datafield ind1=" " ind2=" " tag="310"><subfield code="a">Weekly</subfield></datafield><datafield ind1="1" ind2=" " tag="362"><subfield code="a">Began in 1993?</subfield></datafield><datafield ind1=" " ind2=" " tag="500"><subfield code="a">Publisher: J.A. Scavuzzo, &lt;1996&gt;.</subfield></datafield><datafield ind1=" " ind2=" " tag="588"><subfield code="a">Description based on: Vol. 4, no. 2 (Jan. 10, 1996).</subfield></datafield><datafield ind1=" " ind2="0" tag="651"><subfield code="a">Lake Havasu City (Ariz.)</subfield><subfield code="v">Newspapers.</subfield></datafield><datafield ind1=" " ind2="0" tag="651"><subfield code="a">Mohave County (Ala.)</subfield><subfield code="v">Newspapers.</subfield></datafield><datafield ind1=" " ind2=" " tag="752"><subfield code="a">United States</subfield><subfield code="b">Arizona</subfield><subfield code="c">Mohave</subfield><subfield code="d">Lake Havasu City.</subfield></datafield></record>